@inproceedings{galperin1993scapegoat,
  title={Scapegoat Trees.},
  author={Galperin, Igal and Rivest, Ronald L},
  booktitle={SODA},
  volume={93},
  pages={165--174},
  year={1993}
}

@inproceedings{andersson1989improving,
  title={Improving partial rebuilding by using simple balance criteria},
  author={Andersson, Arne},
  booktitle={Workshop on Algorithms and Data Structures},
  pages={393--402},
  year={1989},
  organization={Springer}
}

@article{tarjan1985splay,
  author = {Sleator, Daniel Dominic and Tarjan, Robert Endre},
  title = {Self-Adjusting Binary Search Trees},
  year = {1985},
  issue_date = {July 1985},
  publisher = {Association for Computing Machinery},
  address = {New York, NY, USA},
  volume = {32},
  number = {3},
  issn = {0004-5411},
  url = {https://doi.org/10.1145/3828.3835},
  doi = {10.1145/3828.3835},
  journal = {J. ACM},
  month = jul,
  pages = {652â€“686},
  numpages = {35}
}

@article{sleator1983linkcut,
  title = {A data structure for dynamic trees},
  journal = {Journal of Computer and System Sciences},
  volume = {26},
  number = {3},
  pages = {362 - 391},
  year = {1983},
  issn = {0022-0000},
  doi = {https://doi.org/10.1016/0022-0000(83)90006-5},
  url = {http://www.sciencedirect.com/science/article/pii/0022000083900065},
  author = {Sleator, Daniel Dominic and Tarjan, Robert Endre}
}

@article{tarjan1984linkcut,
  title = {Data Structures and Network Algorithms},
  journal = {Society for Industrial and Applied Mathematics},
  year = {1984},
  author = {Tarjan, Robert Endre}
}

@inproceedings{driscoll1986making,
  title={Making data structures persistent},
  author={Driscoll, James R and Sarnak, Neil and Sleator, Daniel Dominic and Tarjan, Robert Endre},
  booktitle={Proceedings of the eighteenth annual ACM symposium on Theory of computing},
  pages={109--121},
  year={1986}
}

@article{brodal1996partially,
  title={Partially persistent data structures of bounded degree with constant update time},
  author={Brodal, Gerth Stolting},
  journal={Nord. J. Comput.},
  volume={3},
  number={3},
  pages={238--255},
  year={1996}
}

@article{fiat2003making,
  title={Making data structures confluently persistent},
  author={Fiat, Amos and Kaplan, Haim},
  journal={Journal of Algorithms},
  volume={48},
  number={1},
  pages={16--58},
  year={2003},
  publisher={Elsevier}
}

@inproceedings{collette2012confluent,
  title={Confluent persistence revisited},
  author={Collette, S{\'e}bastien and Iacono, John and Langerman, Stefan},
  booktitle={Proceedings of the twenty-third annual ACM-SIAM symposium on Discrete algorithms},
  pages={593--601},
  year={2012},
  organization={SIAM}
}

@inproceedings{demaine2008confluently,
  title={Confluently persistent tries for efficient version control},
  author={Demaine, Erik D and Langerman, Stefan and Price, Eric},
  booktitle={Scandinavian Workshop on Algorithm Theory},
  pages={160--172},
  year={2008},
  organization={Springer}
}

@article{frandsen2001lower,
  title={Lower bounds for dynamic algebraic problems},
  author={Frandsen, Gudmund Skovbjerg and Hansen, Johan P and Miltersen, Peter Bro},
  journal={Information and Computation},
  volume={171},
  number={2},
  pages={333--349},
  year={2001},
  publisher={Elsevier}
}

@article{demaine2007retroactive,
  title={Retroactive data structures},
  author={Demaine, Erik D and Iacono, John and Langerman, Stefan},
  journal={ACM Transactions on Algorithms (TALG)},
  volume={3},
  number={2},
  pages={13--es},
  year={2007},
  publisher={ACM New York, NY, USA}
}

@article{frandsen1998dynalg,
  author={Frandsen, Gudmund Skovbjerg and Hansen, Johan P and Miltersen, Peter Bro},
  title={Lower Bounds for Dynamic Algebraic Problems},
  journal={BRICS},
  year={1998},
  volume={RS-98},
  number={11},
  month={May},
}

@article{georgiadis2011data,
  title={Data structures for mergeable trees},
  author={Georgiadis, Loukas and Kaplan, Haim and Shafrir, Nira and Tarjan, Robert E and Werneck, Renato F},
  journal={ACM Transactions on Algorithms (TALG)},
  volume={7},
  number={2},
  pages={1--30},
  year={2011},
  publisher={ACM New York, NY, USA}
}

